@book{Addison-Wesley:software-engineering,
    author  = {Ian Sommerville},
    title   = {Software Engineering, 10th edition},
    publisher = {Pearson Education, Addison-Wesley},
    year    = {2018}
}

@book{Gamma:design-patterns,
    author  = {E. Gamma},
    title   = {Design Patterns},
    publisher = {Pearson Education, Addison-Wesley},
    year    = {1994}
}

@online{site:ergon-informatica,
    title   = {Azienda Ergon Informatica},
    url     = {https://www.ergon.it/}
}

@online{site:paper-roli,
    title   = {Metaheuristics in Combinatorial Optimization: Overview and Conceptual Comparison},
    url     = {https://www.iiia.csic.es/~christian.blum/downloads/blum_roli_2003.pdf}
}

@online{site:csharp-docs,
    title   = {Documentazione C\#},
    url     = {https://docs.microsoft.com/en-us/dotnet/csharp/}
}
@online{site:articolo-tabu-search,
    title   = {Optimization Techniques â€” Tabu Search},
    url     = {https://towardsdatascience.com/optimization-techniques-tabu-search-36f197ef8e25}
}

@online{site:paper-carlos,
    title   = {Tabu search and genetic algorithms: a comparative study between
pure and hybrid agents},
    url     = {https://abepro.org.br/biblioteca/enegep2006_ti450301_7406.pdf}
}

@online{site:paper-chen,
    title   = {A New MRP Optimization Algorithm Based on Multi-Objective Genetic Evolution},
    url     = {https://www.atlantis-press.com/proceedings/iske2007/1351}
}

@online{site:articolo-alg-gen,
    title   = {Introduction to Genetic Algorithms},
    url     = {https://towardsdatascience.com/introduction-to-genetic-algorithms-including-example-code-e396e98d8bf3}
}

@online{site:informix-docs,
    title   = {Documentazione Informix},
    url     = {https://www.ibm.com/docs/en/informix-servers/14.10}
}

@online{site:devexpress-docs,
    title   = {Documentazione DevExpress},
    url     = {https://docs.devexpress.com/}
}

@online{site:entity-framework-docs,
    title   = {Documentazione Entity Framework},
    url     = {https://docs.microsoft.com/en-us/ef/}
}

@online{site:linq-docs,
    title   = {Documentazione LINQ},
    url     = {https://docs.microsoft.com/en-us/dotnet/csharp/programming-guide/concepts/linq/}
}

@online{site:vs-docs,
    title   = {Documentazione Visual Studio},
    url     = {https://docs.microsoft.com/en-us/visualstudio/windows/?view=vs-2019}
}

@online{site:wiki,
    title   = {Definizione di alcuni termini del glossario},
    url     = {https://www.wikipedia.org/}
}

@online{site:mstest,
    title   = {Documentazione MSTest},
    url     = {https://docs.microsoft.com/en-us/dotnet/core/testing/unit-testing-with-mstest}
}

@online{site:paper-lo-go,
    title   = {Local Optimization Versus Global Optimization},
    url     = {https://machinelearningmastery.com/local-optimization-versus-global-optimization/#:~:text=Local%20optimization%20involves%20finding%20the,problems%20that%20contain%20local%20optima.}
}

@online{site:rcardin,
    title   = {Dispense UML e design pattern},
    url     = {https://www.math.unipd.it/~rcardin/swea/2021/}
}

@online{site:refactoring-guru,
    title   = {Design pattern},
    url     = {https://refactoring.guru/}
}

@online{site:dispense-de-giovanni,
    title   = {Metodi euristici di ottimizzazione combinatoria},
    url     = {https://www.math.unipd.it/~luigi/courses/metmodoc1011/m08.meta.pdf}
}

@online{site:def-server-cons,
    title   = {Definizione di server consolidation},
    url     = {https://www.smartfile.com/blog/what-is-server-consolidation-and-why-should-you-do-it/}
}

@online{site:def-db,
    title   = {Definizione di database},
    url     = {https://www.wordreference.com/definizione/database}
}

@online{site:def-uml,
    title   = {Definizione di UML},
    url     = {https://www.tesionline.it/glossario/2072/uml--unified-modeling-language-}
}
